@inproceedings{nakano1995hardware,
  title={Hardware implementation of a real-time operating system},
  author={Nakano, Takumi and Utama, Andy and Itabashi, Mitsuyoshi and Shiomi, Akichika and Imai, Masaharu},
  booktitle={TRON Project International Symposium, 1995., Proceedings of the 12th},
  pages={34--42},
  year={1995},
  organization={IEEE}
}

@inproceedings{morton2004hardware,
  title={A hardware/software kernel for system on chip designs},
  author={Morton, Andrew and Loucks, Wayne M},
  booktitle={Proceedings of the 2004 ACM symposium on Applied computing},
  pages={869--875},
  year={2004},
  organization={ACM}
}

@inproceedings{nacul2007hardware,
  title={Hardware scheduling support in SMP architectures},
  author={N{\'a}cul, Andr{\'e} C and Regazzoni, Francesco and Lajolo, Marcello},
  booktitle={Proceedings of the conference on Design, automation and test in Europe},
  pages={642--647},
  year={2007},
  organization={EDA Consortium}
}

@inproceedings{kuacharoen2003configurable,
  title={A Configurable Hardware Scheduler for Real-Time Systems.},
  author={Kuacharoen, Pramote and Shalan, Mohamed and Mooney, Vincent John},
  booktitle={Engineering of Reconfigurable Systems and Algorithms},
  pages={95--101},
  year={2003},
  organization={Citeseer}
}

@article{park2008hardware,
  title={A hardware operating system kernel for multi-processor systems},
  author={Park, Sanggyu and Hong, Do-sun and Chae, Soo-Ik},
  journal={IEICE Electronics Express},
  volume={5},
  number={9},
  pages={296--302},
  year={2008},
  publisher={The Institute of Electronics, Information and Communication Engineers}
}

@misc{hackbench,
  author = {Zhang, Yanmin and Ingo Molnar},
  title = {Hackbench Source Code},
  url = "\url{http://people.redhat.com/mingo/cfs-scheduler/tools/hackbench.c}"
}

@misc{oprofile,
  title = "OProfile - A System Profiler for Linux",
  author = "OProfile",
  url = "\url{http://oprofile.sourceforge.net/}"
}

@misc{groves2009bfs,
  title={Bfs vs. cfs scheduler comparison},
  author={Groves, Taylor and Knockel, Jeff and Schulte, Eric},
  year={2009}
}

@misc{cfsdesign,
  author =   {Ingo Molnar},
  title =    {CFS Scheduler},
  url = "\url{https://www.kernel.org/doc/Documentation/scheduler/sched-design-CFS.txt}"
}
@misc{dts_linux,
  author = "Grant Likely",
  title = "Linux and the Device Tree",
  url = "\url{https://www.kernel.org/doc/Documentation/devicetree/usage-model.txt}"
}

@misc{socdiag,
  title = "Cyclone SoC Block Diagram",
  author = "Altera",
  url = "\url{https://www.altera.com/products/fpga/features/hps/cyv-soc-hps.html}"
}

@misc{arm_mmu,
  title = "About the MMU",
  author = "ARM",
  url = "\url{http://infocenter.arm.com/help/index.jsp?topic=/com.arm.doc.ddi0388e/Cihcjfjc.html}"
}

@misc{fig:dma,
  title = "Using Direct Memory Access effectively in media-based embedded applications - Part 1",
  author = {David Katz and Rick Gentile},
  url = "\url{http://www.embedded.com/design/mcus-processors-and-socs/4006782/Using-Direct-Memory-Access-effectively-in-media-based-embedded-applications--Part-1}"
}

@misc{fig:multitask,
  author = {Chandandeep Singh Pabla},
  title = {Completely Fair Scheduler},
  year = {2009},
  month = {8},
  day = {1},
  url = "\url{http://www.linuxjournal.com/magazine/completely-fair-scheduler}"
}

@misc{cargo,
  author = {Martha A. Kim, Luca P. Carloni, et. al.},
  title= {Benchmarking Methodology for Embedded Scalable Platforms},
  url = "\url{http://arcade.cs.columbia.edu/esp-seak14-poster.pdf}",
  organization={Columbia University}
}

@inproceedings{sun2012gpustore,
  title={GPUstore: harnessing GPU computing for storage systems in the OS kernel},
  author={Sun, Weibin and Ricci, Robert and Curry, Matthew L},
  booktitle={Proceedings of the 5th Annual International Systems and Storage Conference},
  pages={9},
  year={2012},
  organization={ACM}
}


@article{wong2008cfs,
 author = {Wong, Chee Siang and Tan, Ian and Kumari, Rosalind Deena and Wey, Fun},
 title = {Towards Achieving Fairness in the Linux Scheduler},
 journal = {SIGOPS Oper. Syst. Rev.},
 issue_date = {July 2008},
 volume = {42},
 number = {5},
 month = jul,
 year = {2008},
 issn = {0163-5980},
 pages = {34--43},
 numpages = {10},
 url = {http://doi.acm.org/10.1145/1400097.1400102},
 doi = {10.1145/1400097.1400102},
 acmid = {1400102},
 publisher = {ACM},
 address = {New York, NY, USA},
 keywords = {Linux, completely fair scheduler, fairness, process scheduling},
}

@article{regehr2007safe,
  title={Safe and structured use of interrupts in real-time and embedded software},
  author={Regehr, John},
  journal={Handbook of Real-Time and Embedded Systems},
  pages={16--1},
  year={2007}
}

@misc{wiki:rbtree,
   author = "Wikipedia",
   title = "Redâ€“black tree --- Wikipedia{,} The Free Encyclopedia",
   year = "2015",
   url = "\url{http://en.wikipedia.org/w/index.php?title=Red%E2%80%93black_tree&oldid=659496474}",
   note = "[Online; accessed 4-May-2015]"
 }

@misc{cadence:compilerpic,
  title = "How Cadence Acquisition of Forte Boosts High-Level Synthesis",
  author = "Richard Goering",
  year = "2014",
  month = feb,
  url = "\url{http://community.cadence.com/cadence_blogs_8/b/ii/archive/2014/02/18/cadence-acquisition-of-forte-boosts-high-level-synthesis}"
}

@article{neiger2006intel,
	title={Intel Virtualization Technology: Hardware Support for Efficient
		Processor Virtualization.},
	author={Neiger, Gil and Santoni, Amy and Leung, Felix and Rodgers, Dion
		and Uhlig, Rich},
	journal={Intel Technology Journal},
	volume={10},
	number={3},
	year={2006}
}

